% TODO delete example
@misc{example,
  author = {Moore, A. A.},
  title = {{"How to choose the best rendering strategy for your app"}},
  howpublished = {Vercel},
  year = {2024},
  month = {srpanj},
  day = {23},
  note = {[Na internetu]. Dostupno: \url{https://vercel.com/blog/how-to-choose-the-best-rendering-strategy-for-your-app} [pristupano 12. lipnja 2025.]}
}
